% This file was created with JabRef 2.3.1.
% Encoding: Cp1252


@MISC{Resol2006,
  author = {ANTT},
  title = {RESOLUÇÃO Nº 1432/2006},
  month = {Abril},
  year = {2006},
  owner = {ALL},
  timestamp = {2010.06.04}
}


@MISC{BancodeDados2005,
  author = {Takai, Osvaldo Kotaro and Italiano, Isabel Cristina and Ferreira, João Eduardo},
  title = {Introdu\c{c}\~ao a Banco de Dados},
  year = {2005},
  owner = {Marcus},
  timestamp = {2010.05.21},
  url = {http://www.ime.usp.br/~jef/apostila.pdf},
  urlaccessdate = {14 de abril de 2010}
}

@MISC{github,
  author = {Wanstrath, Chris and Hyett and Preston, Tom},
  title = {Manual Github},
  year = {2008},
  owner = {YAHOO},
  timestamp = {2011.06.22},
  url = {github.com},
  urlaccessdate = {22 de junho de 2011}
}

@MISC{QRCodeCap,
  author = {Paulo Matias},
  title = {QRCode - Código de Barras 2D},
  year = {2007},
  owner = {Marcus},
  timestamp = {2010.06.20},
  url = {http://www.phpavancado.net/node/419},
  urlaccessdate = {15 de abril de 2010}
}

@MISC{HistoriaBarcode,
  author = {Alessandro Greco},
  title = {Como Fazíamos Sem... Código de barras},
  year = {2009},
  owner = {Marcus},
  timestamp = {2010.06.20},
  url = {http://historia.abril.com.br/comportamento/codigo-barras-434117.shtml},
  urlaccessdate = {2 de março de 2010}
}

@MISC{VisualCSharpDeveloperCenter2010,
  author = {{Microsoft Corporation}},
  title = {Introdu\c{c}\~ao ao Visual C\#},
  year = {2010},
  owner = {Marcus},
  timestamp = {2010.05.27},
  url = {http://msdn.microsoft.com/pt-br/vcsharp/dd919145.aspxf},
  urlaccessdate = {20 de março de 2010}
}

@MISC{BarcodeIslandEAN13,
  author = {BarCode Island},
  title = {EAN-13},
  year = {2010},
  owner = {Marcus},
  timestamp = {2010.06.01},
  url = {http://www.barcodeisland.com/ean13.phtml},
  urlaccessdate = {15 de novembro de 2009}
}

@MISC{Stadzisz2002,
  author = {Paulo César Stadzisz},
  title = {Projeto de \textit{Software} Utilizando a UML},
  year = {2002},
  owner = {Marcus},
  timestamp = {2010.06.05},
  url = {http://www.cpgei.cefetpr.br/~stad/Apostila%20de%20UML%20CEFET.pdf},
  urlaccessdate = {20 de agosto de 2007}
}

@MASTERSTHESIS{siaer2010,
  author = {Bassan, Luiz Alberto and Fitz Luchetti, Marcus Vinicius},
  title = {SIAER - Sistema integrado de acompanhamento de encomendas rodoviárias},
  school = {Universidade Tecnologica Federal do Parana},
  year = {2010},
  owner = {ALL},
  timestamp = {2010.06.20}
}

@MASTERSTHESIS{Chraim2003,
  author = {Miguel Chraim},
  title = {Aliança empresarial no setor de transportes: estratégia para dinamizar
	o transporte de encomendas em ônibus},
  school = {Universidade Federal de Santa Catarina},
  year = {2003},
  owner = {ALL},
  timestamp = {2010.06.13}
}

@MISC{Atlas2006,
  author = {CNT},
  title = {Atlas do transporte},
  year = {2006},
  owner = {ALL},
  timestamp = {2010.06.04},
  url = {http://www.cnt.org.br/informacoes},
  urlaccessdate = {6 de junho de 2010}
}


@MISC{CTAN2009,
  author = {CTAN},
  title = {The comprehensive \TeX\ archive network},
  year = {2009},
  owner = {Hugo},
  timestamp = {2009.11.08},
  url = {http://www.ctan. org},
  urlaccessdate = {8 de novembro de 2009}
}



@BOOK{Hoji2004,
  title = {Administração Financeira: Uma Abordagem Prática},
  publisher = {Atlas},
  year = {2004},
  author = {Masakazu Hoji},
  number = {5ª ed.},
  pages = {525},
  address = {São Paulo},
  owner = {ALL},
  timestamp = {2010.06.04}
}


@BOOK{PEREIRA2005,
  title = {Microcontroladores MSP430 :  teoria e prática},
  publisher = {Érica},
  year = {2005},
  editor = {Érica},
  author = {Fábio PEREIRA},
  pages = {414},
  address = {São Paulo},
  owner = {Bassan},
  timestamp = {2010.06.04}
}

@BOOK{Porter1990,
  title = {Vantagem competitiva: criando e sustentando um desempenho superior.},
  publisher = {Campus},
  year = {1990},
  editor = {Campus},
  author = {Michael PORTER},
  pages = {512},
  address = {Rio de Janeiro},
  owner = {Bassan},
  timestamp = {2010.06.04}
}

@BOOK{SEBRAE2007,
  title = {Como elaborar um Plano de Negócios},
  publisher = {SEBRAE},
  year = {2007},
  author = {Rosa, Cláudio Afrânio},
  address = {Brasília},
  owner = {ALL},
  timestamp = {2010.06.04}
}

@BOOK{Schildt1997,
  title = {C Completo e Total},
  publisher = {Makron},
  year = {1997},
  editor = {Makron},
  author = {Herbert Schildt},
  pages = {827},
  address = {São Paulo},
  owner = {Bassan},
  timestamp = {2010.06.04}
}

@BOOK{Tanenbaum2003,
  title = {Redes de Computadores},
  publisher = {Elsevier},
  year = {2003},
  author = {Andrew S. Tanenbaum},
  pages = {945},
  address = {Rio de Janeiro},
  edition = {4ª},
  owner = {ALL},
  timestamp = {2010.06.05}
}


@MISC{CC2500,
  author = {{Texas Instruments}},
  title = {CC2500 Low-Cost Low-Power 2.4GHz RF Transceiver},
  howpublished = {Texas Instruments},
  year = {2009},
  owner = {Hugo},
  timestamp = {2011.04.04},
  url = {focus.ti.com/lit/ds/swrs040c/swrs040c.pdf},
  urlaccessdate = {3 de junho de 2010}
}

@MISC{EZ430,
  author = {{Texas Instruments}},
  title = {eZ430-RF2500 Development Tool User´s Guide},
  howpublished = {Texas Instruments},
  year = {2009},
  owner = {Hugo},
  timestamp = {2011.07.04},
  url = {focus.ti.com.cn/cn/lit/ug/slau227e/slau227e.pdf},
  urlaccessdate = {21 de maio de 2010}
}

@MISC{CC430,
  author = {{Texas Instruments}},
  title = {CC430 FAMILY},
  howpublished = {Texas Instruments},
  year = {2011},
  owner = {Hugo},
  timestamp = {2011.04.08},
  url = {focus.ti.com.cn/cn/lit/ug/slau227e/slau227e.pdf},
  urlaccessdate = {08 de abril de 2011}
}

@MISC{EM430F6137RF900,
  author = {{Texas Instruments}},
  title = {EM430F6137RF900 Development Kit},
  howpublished = {Texas Instruments},
  year = {2011},
  owner = {Hugo},
  timestamp = {2011.04.08},
  url = {http://focus.ti.com/docs/toolsw/folders/print/em430f6137rf900.html},
  urlaccessdate = {20 de maio de 2011}
}
@MISC{SIMPLICITI,
  author = {{Texas Instruments}},
  title = {SimpliciTI - RF protocol},
  howpublished = {Texas Instruments},
  year = {2011},
  owner = {Hugo},
  timestamp = {2011.04.08},
  url ={ti.com/corp/docs/landing/simpliciTI/index.htm?DCMP=hpa_rf_general&HQS=NotApplicable+OT+simpliciti},
  urlaccessdate = {20 de maio de 2011}
}

@MISC{IBGE,
  author = {{IBGE}},
  title = {Instituto Brasileiro de Geografia e Estatística},
  howpublished = {Instituto Brasileiro de Geografia e Estatística},
  year = {2011},
  owner = {Hugo},
  timestamp = {2011.05.20},
  url ={http://www.ibge.gov.br/home/},
  urlaccessdate = {20 de maio de 2011}
}

@MISC{MSP430_1,
  author = {{Texas Instruments}},
  title = {MSP430x22x2, MSP430x22x4 mixed signal microcontroller datasheet},
  howpublished = {Texas Instruments},
  year = {2009},
  owner = {Hugo},
  timestamp = {2009.11.08},
  url = {focus.ti.com/lit/ds/slas504c/slas504c.pdf},
  urlaccessdate = {4 de junho de 2010}
}

@MISC{MSP430_2,
  author = {{Texas Instruments}},
  title = {MSP430x2xxx Family Users Guide},
  howpublished = {Texas Instruments},
  year = {2009},
  owner = {Hugo},
  timestamp = {2009.11.08},
  url = {focus.ti.com/lit/ds/slas504c/slas504c.pdf},
  urlaccessdate = {28 de maio de 2010}
}

@MISC{TPS7730,
  author = {{Texas Instruments}},
  title = {250-mA ldo regulators sith 8-pin msop packaging - TPS7730 Datasheet},
  howpublished = {Texas Instruments},
  year = {2007},
  owner = {Hugo},
  timestamp = {2009.11.08},
  url = {http://focus.ti.com/docs/prod/folders/print/tps77301.html},
  urlaccessdate = {8 de dezembro de 2009}
}

@MISC{TUSB3410,
  author = {{Texas Instruments}},
  title = {TUSB3410 USB to Serial Port Controller Datasheet},
  howpublished = {Texas Instruments},
  year = {2007},
  owner = {Hugo},
  timestamp = {2009.11.08},
  url = {soft.laogu.com/download/tusb3410.pdf},
  urlaccessdate = {5 de maio de 2010}
}

@MISC{eZWSN,
  author = {Thomas Watteyne},
  title = {eZWSN: Experimenting with Wireless Sensor Networks using the eZ430-RF2500},
  howpublished = {CONNEXIONS: University Rice, Houston, Texas},
  year = {2009},
  owner = {Hugo},
  url = {http://cnx.org/content/col10684/1.10},
  urlaccessdate = {8 de junho de 2010}
}